@book{AppDevelopment,
		title={App Development with Swift}, 
     	author={ Apple},

	publisher={ Apple Inc. - Education}, 
	year={  2017} 
	}%
	%---------------------------
@misc{ApplikeyEditorialTeam,

	title = {9 Reasons to Choose Swift for iOS App Development},

	howpublished = {\url{https://www.upwork.com/hiring/for-clients/9-reasons-to-choose-swift-for-ios-app-development/}}



}

@misc{Swift,
	
	title = {About Swift},
	
	howpublished = {\url{https://swift.org/about/#swiftorg-and-open-source}}
	
	
	
}
@misc{AppleDesign,
	
	title = {Human Interface Guidelines

	},
	howpublished = {\url{https://developer.apple.com/design/human-interface-guidelines/ios/overview/themes/}}

}
@misc{Procne,
	
	title = {Procne srl
	},
	howpublished = {\url{https://www.procne.it/pages/home}}
	
}
@misc{Apple:Swift,
	
	author = {{Apple}},
	
	title = {Swift. A powerful open language that lets everyone build amazing apps},
	
	howpublished = {\url{https://www.apple.com/swift/}}
	
}
@misc{Apple:CBPeripheral,
	
	author = {{Apple}},
	
	title = {CBPeripheral},
	
	howpublished = {\url{https://developer.apple.com/documentation/corebluetooth/cbperipheral}}
	
}
@misc{Apple:Keychain,
	
	author = {{Apple}},
	
	title = {Keychain Services},
	
	howpublished = {\url{https://developer.apple.com/documentation/security/keychain_services}}
	
}

@misc{Apple:Queue,
	
	author = {{Apple}},
	
	title = {DispatchQueue},
	
	howpublished = {\url{https://developer.apple.com/documentation/dispatch/dispatchqueue}}
	
}
@misc{URLSession,
	
	title = {Networking In Swift With URLSession },
	
	howpublished = {\url{https://learnappmaking.com/urlsession-swift-networking-how-to/}}
	
}
@misc{Apple:Documentation,
	
	author = {{Apple}},
	
	title = {Swift},
	
	howpublished = {\url{https://developer.apple.com/documentation/swift}}
	
}
@MISC{WikipediaIT:Swift,
	
	author = {{Wikipedia, l'enciclopedia libera}},
	
	title = {Swift (linguaggio di programmazione)},
	
	year = {2014},
	
	url = {\url{https://it.wikipedia.org/wiki/Swift_(linguaggio_di_programmazione)}
	
}
}


